@article{knuth-1984-literate,
  title={Literate programming},
  author={Knuth, Donald Ervin},
  journal={The computer journal},
  volume={27},
  number={2},
  pages={97-111},
  year={1984},
  publisher={Oxford University Press}
}